@Article{Frixione:2002ik,
     author    = "Frixione, Stefano and Webber, Bryan R.",
     title     = "Matching {NLO QCD} computations and parton shower
                  simulations",
     journal   = "JHEP",
     volume    = "06",
     year      = "2002",
     pages     = "029",
     eprint    = "hep-ph/0204244",
     SLACcitation  = "%%CITATION = HEP-PH 0204244;%%"
}
@Article{LatundeDada:2006gx,
     author    = "Latunde-Dada, Oluseyi and Gieseke, Stefan and Webber, Bryan
                  ",
     title     = "A positive-weight next-to-leading-order {M}onte {C}arlo for $e^+
                  e^-$ annihilation to hadrons",
     journal   = "JHEP",
     volume    = "02",
     year      = "2007",
     pages     = "051",
     eprint    = "hep-ph/0612281",
     SLACcitation  = "%%CITATION = HEP-PH/0612281;%%"
}
@Article{LatundeDada:2008bv,
     author    = "Latunde-Dada, Oluseyi",
     title     = "{Applying the POWHEG method to top pair production and
                  decays at the ILC}",
     journal   = "Eur. Phys. J.",
     volume    = "C58",
     year      = "2008",
     pages     = "543-554",
     eprint    = "0806.4560",
     archivePrefix = "arXiv",
     primaryClass  =  "hep-ph",
     doi       = "10.1140/epjc/s10052-008-0785-1",
     SLACcitation  = "%%CITATION = 0806.4560;%%"
}
@Article{Bahr:2008pv,
     author    = "Bahr, M. and others",
     title     = "{Herwig++ Physics and Manual}",
     journal   = "Eur. Phys. J.",
     volume    = "C58",
     year      = "2008",
     pages     = "639-707",
     eprint    = "0803.0883",
     archivePrefix = "arXiv",
     primaryClass  =  "hep-ph",
     doi       = "10.1140/epjc/s10052-008-0798-9",
     SLACcitation  = "%%CITATION = 0803.0883;%%"
}
@Article{LatundeDada:2007jg,
     author    = "Latunde-Dada, Oluseyi",
     title     = "{Herwig++ Monte Carlo At Next-To-Leading Order for e+e-
                  annihilation and lepton pair production}",
     journal   = "JHEP",
     volume    = "11",
     year      = "2007",
     pages     = "040",
     eprint    = "0708.4390",
     archivePrefix = "arXiv",
     primaryClass  =  "hep-ph",
     doi       = "10.1088/1126-6708/2007/11/040",
     SLACcitation  = "%%CITATION = 0708.4390;%%"
}
@Article{Nason:2004rx,
     author    = "Nason, Paolo",
     title     = "A new method for combining {NLO QCD} with shower {M}onte {C}arlo
                  algorithms",
     journal   = "JHEP",
     volume    = "11",
     year      = "2004",
     pages     = "040",
     eprint    = "hep-ph/0409146",
     SLACcitation  = "%%CITATION = HEP-PH/0409146;%%"
}
@PHDTHESIS{seyi,
author = "Latunde-Dada, O.A.T",
year = "2008",
school = "University of Cambridge",
title = "Simulations of QCD processes at High Energy Colliders {\bf [http://www.hep.phy.cam.ac.uk/theory/seyi/thesis/thesis.tar.gz]}"
}
@Article{LatundeDada:2009rr,
     author    = "Latunde-Dada, Oluseyi",
     title     = "{MC@NLO for the hadronic decay of Higgs bosons in
                  associated production with vector bosons}",
     year      = "2009",
     eprint    = "0903.4135",
     archivePrefix = "arXiv",
     primaryClass  =  "hep-ph",
     SLACcitation  = "%%CITATION = 0903.4135;%%"
}
